@misc{capture-hpc,
Author = {Seifert, Christian and Steenson, Ramon},
Title = {Capture - Honeypot Client (Capture-HPC)},
Publisher = {Victoria University of Wellington, NZ},
Pages = {Available from https://projects.honeynet.org/capture-hpc;
   accessed on 9 December 2012},
Year = {2006}

}
