@online{alexa-about,
  author = {Amazon.com},
  title = {About the Alexa Traffic Rankings},
  url = {http://www.alexa.com/help/traffic-learn-more},
  urldate = {07/12/2012}
}

@online{alexa-site-archive,
  author = {Amazon.com},
  title = {Top 1,000,000 Sites (Updated Daily)},
  year = {2012},
  url = {http://s3.amazonaws.com/alexa-static/top-1m.csv.zip},
  urldate = {07/12/2012}
}

@online{wot-api,
  author = {http://www.mywot.com/wiki/User:Sami},
  title = {Public Link JSON API},
  year = {2010},
  url = {http://www.mywot.com/wiki/API#public_link_json},
  urldate = {07/12/2012}
}

@online{wot-about,
  title = {About Web of Trust (WOT)},
  year = {2012},
  url = {http://www.mywot.com/en/aboutus},
  urldate = {07/12/2012}
}

@online{database-as-mq,
  author = {Mike Hadlow},
  title = {The Database As Queue Anti-Pattern},
  year = {2012},
  url = {http://mikehadlow.blogspot.se/2012/04/database-as-queue-anti-pattern.html},
  urldate = {10/12/2012}
}