@inproceedings{deseo,
    title={deSEO: Combating search-result poisoning},
    author={John, J.P. and Yu, F. and Xie, Y. and Krishnamurthy, A. and Abadi, M.},
    booktitle={Proc. USENIX Security},
    volume={11},
    year={2011}
}
@inproceedings{fashioncrime,
    title={Fashion Crimes: Trending-Term Exploitation on the Web},
    author={Moore, T., Leontiadis, N., Christin, N.},
    booktitle = {Proceedings ACM CCS 2011},
    month = {October},
    year = {2011},
    URL = {http://www.truststc.org/pubs/781.html}
}
@inproceedings{aboutwine,
    title={About Wine},
    author={WineHQ},
    URL = {http://www.winehq.org/about/}
}
@inproceedings{wikiwine,
    title={Wine (software)},
    author={Wikipedia},
    URL = {http://en.wikipedia.org/wiki/Wine_(software)}
}
@inproceedings{wineperformance,
    title={Debunking Wine Myths},
    author={Wine Wiki},
    URL = {http://wiki.winehq.org/Debunking_Wine_Myths}
}